<?xml version="1.0" encoding="UTF-8"?><collection xmlns="http://www.loc.gov/MARC21/slim"><record><leader>00493nam--2200181-i-4500</leader><controlfield tag="001">000023708</controlfield><controlfield tag="002">20161230</controlfield><controlfield tag="005">20161230201035</controlfield><controlfield tag="008">060222s1000------------r-----000-0-rum-d</controlfield><datafield ind1=" " ind2=" " tag="041"><subfield code="a">rum</subfield></datafield><datafield ind1=" " ind2=" " tag="080"><subfield code="a">53(075.32)</subfield></datafield><datafield ind1="1" ind2=" " tag="100"><subfield code="a">Hangea, N</subfield></datafield><datafield ind1="1" ind2="0" tag="245"><subfield code="a">Fizica. manual pentru anul i. licee de specialitate</subfield><subfield code="c">N. hangea, n. stanescu</subfield></datafield><datafield ind1=" " ind2=" " tag="260"><subfield code="a">Bucuresti</subfield><subfield code="b">Editura Didactica Si Pedagogica</subfield><subfield code="c">1971</subfield></datafield><datafield ind1=" " ind2=" " tag="300"><subfield code="a">246 P</subfield></datafield><datafield ind1="1" ind2=" " tag="700"><subfield code="a">Stanescu, N</subfield></datafield><datafield ind1=" " ind2=" " tag="852"><subfield code="a">45067</subfield><subfield code="c">53</subfield></datafield><datafield ind1=" " ind2=" " tag="CAT"><subfield code="a">Sys</subfield><subfield code="c">20150324</subfield><subfield code="h">100028</subfield></datafield></record></collection>